@article{alonso2018physical,
  title={The physical properties of ceramides in membranes},
  author={Alonso, Alicia and Go{\~n}i, F{\'e}lix M},
  journal={Annual review of biophysics},
  volume={47},
  pages={633--654},
  year={2018},
  publisher={Annual Reviews}
}
@article{becam2017antibacterial,
  title={Antibacterial activity of ceramide and ceramide analogs against pathogenic Neisseria},
  author={Becam, J{\'e}r{\^o}me and Walter, Tim and Burgert, Anne and Schlegel, Jan and Sauer, Markus and Seibel, J{\"u}rgen and Schubert-Unkmeir, Alexandra},
  journal={Scientific reports},
  volume={7},
  number={1},
  pages={1--12},
  year={2017},
  publisher={Nature Publishing Group}
}
@article{kim2016bilayer,
  title={Bilayer properties of lipid A from various Gram-negative bacteria},
  author={Kim, Seonghoon and Patel, Dhilon S and Park, Soohyung and Slusky, Joanna and Klauda, Jeffery B and Widmalm, G{\"o}ran and Im, Wonpil},
  journal={Biophysical journal},
  volume={111},
  number={8},
  pages={1750--1760},
  year={2016},
  publisher={Elsevier}
}
@article{kawasaki1994cell,
  title={The cell envelope structure of the lipopolysaccharide-lacking gram-negative bacterium Sphingomonas paucimobilis},
  author={Kawasaki, Satoko and Moriguchi, Ryozo and Sekiya, Kachiko and Nakai, Toyotsugu and Ono, Eriko and Kume, Katsumi and Kawahara, Kazuyoshi},
  journal={Journal of Bacteriology},
  volume={176},
  number={2},
  pages={284--290},
  year={1994},
  publisher={Am Soc Microbiol}
}
@book{timmis2010handbook,
  title={Handbook of hydrocarbon and lipid microbiology},
  author={Timmis, Kenneth N and McGenity, Terry and Van Der Meer, Jan Roelof and de Lorenzo, Victor},
  year={2010},
  publisher={Springer Berlin}
}

@article{bharat2017structure,
  title={Structure of the hexagonal surface layer on Caulobacter crescentus cells},
  author={Bharat, Tanmay AM and Kureisaite-Ciziene, Danguole and Hardy, Gail G and Ellen, W Yu and Devant, Jessica M and Hagen, Wim JH and Brun, Yves V and Briggs, John AG and L{\"o}we, Jan},
  journal={Nature microbiology},
  volume={2},
  number={7},
  pages={1--6},
  year={2017},
  publisher={Nature Publishing Group}
}
@article{rocha2020porphyromonas,
  title={Porphyromonas gingivalis sphingolipid synthesis limits the host inflammatory response},
  author={Rocha, FG and Moye, ZD and Ottenberg, G and Tang, P and Campopiano, DJ and Gibson III, FC and Davey, ME},
  journal={Journal of dental research},
  volume={99},
  number={5},
  pages={568--576},
  year={2020},
  publisher={SAGE Publications Sage CA: Los Angeles, CA}
}

@article{jiang2021coarse,
  title={Coarse-grained simulations uncover Gram-negative bacterial defense against polymyxins by the outer membrane},
  author={Jiang, Xukai and Sun, Yuliang and Yang, Kai and Yuan, Bing and Velkov, Tony and Wang, Lushan and Li, Jian},
  journal={Computational and Structural Biotechnology Journal},
  volume={19},
  pages={3885--3891},
  year={2021},
  publisher={Elsevier}
}
@article{zhang2009ceramide,
  title={Ceramide-enriched membrane domains—structure and function},
  author={Zhang, Yang and Li, Xiang and Becker, Katrin Anne and Gulbins, Erich},
  journal={Biochimica et Biophysica Acta (BBA)-Biomembranes},
  volume={1788},
  number={1},
  pages={178--183},
  year={2009},
  publisher={Elsevier}
}
@article{veiga1999ceramides,
  title={Ceramides in phospholipid membranes: effects on bilayer stability and transition to nonlamellar phases},
  author={Veiga, M Pilar and Arrondo, Jose Luis R and Goni, Felix M and Alonso, Alicia},
  journal={Biophysical journal},
  volume={76},
  number={1},
  pages={342--350},
  year={1999},
  publisher={Elsevier}
}

@article{fu2020polymyxin,
  title={Polymyxin B loosens lipopolysaccharide bilayer but stiffens phospholipid bilayer},
  author={Fu, Lei and Wan, Mingwei and Zhang, Shan and Gao, Lianghui and Fang, Weihai},
  journal={Biophysical journal},
  volume={118},
  number={1},
  pages={138--150},
  year={2020},
  publisher={Elsevier}
}
@article{van2008membrane,
  title={Membrane lipids: where they are and how they behave},
  author={Van Meer, Gerrit and Voelker, Dennis R and Feigenson, Gerald W},
  journal={Nature reviews Molecular cell biology},
  volume={9},
  number={2},
  pages={112--124},
  year={2008},
  publisher={Nature Publishing Group}
}
@article{pantelopulos2018regimes,
  title={Regimes of complex lipid bilayer phases induced by cholesterol concentration in MD simulation},
  author={Pantelopulos, George A and Straub, John E},
  journal={Biophysical journal},
  volume={115},
  number={11},
  pages={2167--2178},
  year={2018},
  publisher={Elsevier}
}
@article{wang2016dppc,
  title={DPPC-cholesterol phase diagram using coarse-grained Molecular Dynamics simulations},
  author={Wang, Yin and Gkeka, Paraskevi and Fuchs, Julian E and Liedl, Klaus R and Cournia, Zoe},
  journal={Biochimica et Biophysica Acta (BBA)-Biomembranes},
  volume={1858},
  number={11},
  pages={2846--2857},
  year={2016},
  publisher={Elsevier}
}
@article{botan2015toward,
  title={Toward atomistic resolution structure of phosphatidylcholine headgroup and glycerol backbone at different ambient conditions},
  author={Botan, Alexandru and Favela-Rosales, Fernando and Fuchs, Patrick FJ and Javanainen, Matti and Kanduč, Matej and Kulig, Waldemar and Lamberg, Antti and Loison, Claire and Lyubartsev, Alexander and Miettinen, Markus S and others},
  journal={The Journal of Physical Chemistry B},
  volume={119},
  number={49},
  pages={15075--15088},
  year={2015},
  publisher={ACS Publications}
}
@article{kim2016bilayer,
  title={Bilayer properties of lipid A from various Gram-negative bacteria},
  author={Kim, Seonghoon and Patel, Dhilon S and Park, Soohyung and Slusky, Joanna and Klauda, Jeffery B and Widmalm, G{\"o}ran and Im, Wonpil},
  journal={Biophysical journal},
  volume={111},
  number={8},
  pages={1750--1760},
  year={2016},
  publisher={Elsevier}
}

@article{wu2013molecular,
  title={Molecular dynamics and NMR spectroscopy studies of E. coli lipopolysaccharide structure and dynamics},
  author={Wu, Emilia L and Engstr{\"o}m, Olof and Jo, Sunhwan and Stuhlsatz, Danielle and Yeom, Min Sun and Klauda, Jeffery B and Widmalm, G{\"o}ran and Im, Wonpil},
  journal={Biophysical journal},
  volume={105},
  number={6},
  pages={1444--1455},
  year={2013},
  publisher={Elsevier}
}

@article{patel2016dynamics,
  title={Dynamics and interactions of OmpF and LPS: influence on pore accessibility and ion permeability},
  author={Patel, Dhilon S and Re, Suyong and Wu, Emilia L and Qi, Yifei and Klebba, Phillip E and Widmalm, G{\"o}ran and Yeom, Min Sun and Sugita, Yuji and Im, Wonpil},
  journal={Biophysical journal},
  volume={110},
  number={4},
  pages={930--938},
  year={2016},
  publisher={Elsevier}
}
@article{scott2017lipid,
  title={Lipid A structural modifications in extreme conditions and identification of unique modifying enzymes to define the Toll-like receptor 4 structure-activity relationship},
  author={Scott, Alison J and Oyler, Benjamin L and Goodlett, David R and Ernst, Robert K},
  journal={Biochimica et Biophysica Acta (BBA)-Molecular and Cell Biology of Lipids},
  volume={1862},
  number={11},
  pages={1439--1450},
  year={2017},
  publisher={Elsevier}
}
@article{kong2012phosphate,
  title={Phosphate groups of lipid A are essential for Salmonella enterica serovar Typhimurium virulence and affect innate and adaptive immunity},
  author={Kong, Qingke and Six, David A and Liu, Qing and Gu, Lillian and Wang, Shifeng and Alamuri, Praveen and Raetz, Christian RH and Curtiss III, Roy},
  journal={Infection and immunity},
  volume={80},
  number={9},
  pages={3215--3224},
  year={2012},
  publisher={Am Soc Microbiol}
}
@article{rittig2003smooth,
  title={Smooth and rough lipopolysaccharide phenotypes of Brucella induce different intracellular trafficking and cytokine/chemokine release in human monocytes},
  author={Rittig, Michael G and Kaufmann, Andreas and Robins, Adrian and Shaw, Barry and Sprenger, Hans and Gemsa, Diethard and Foulongne, Vincent and Rouot, Bruno and Dornand, Jacques},
  journal={Journal of leukocyte biology},
  volume={74},
  number={6},
  pages={1045--1055},
  year={2003},
  publisher={Wiley Online Library}
}
@article{lopez2020molecular,
  title={Molecular characterization of the outer membrane of Pseudomonas aeruginosa},
  author={L{\'o}pez, Cesar A and Zgurskaya, Helen and Gnanakaran, S},
  journal={Biochimica et Biophysica Acta (BBA)-Biomembranes},
  volume={1862},
  number={3},
  pages={183151},
  year={2020},
  publisher={Elsevier}
}
@article{piggot2017calculation,
  title={On the calculation of acyl chain order parameters from lipid simulations},
  author={Piggot, Thomas J and Allison, Jane R and Sessions, Richard B and Essex, Jonathan W},
  journal={Journal of chemical theory and computation},
  volume={13},
  number={11},
  pages={5683--5696},
  year={2017},
  publisher={ACS Publications}
}

@article{hsu2016molecular,
  title={Molecular dynamics simulations predict the pathways via which pristine fullerenes penetrate bacterial membranes},
  author={Hsu, Pin-Chia and Jefferies, Damien and Khalid, Syma},
  journal={The journal of physical chemistry B},
  volume={120},
  number={43},
  pages={11170--11179},
  year={2016},
  publisher={ACS Publications}
}
@article{jefferies2019role,
  title={Role of O-antigen in response to mechanical stress of the E. coli outer membrane: insights from coarse-grained MD simulations},
  author={Jefferies, Damien and Shearer, Jonathan and Khalid, Syma},
  journal={The Journal of Physical Chemistry B},
  volume={123},
  number={17},
  pages={3567--3575},
  year={2019},
  publisher={ACS Publications}
}

@article{stankeviciute2019caulobacter,
  title={Caulobacter crescentus adapts to phosphate starvation by synthesizing anionic glycoglycerolipids and a novel glycosphingolipid},
  author={Stankeviciute, Gabriele and Guan, Ziqiang and Goldfine, Howard and Klein, Eric A},
  journal={MBio},
  volume={10},
  number={2},
  pages={e00107--19},
  year={2019},
  publisher={Am Soc Microbiol}
}
@article{simons2002cholesterol,
  title={Cholesterol, lipid rafts, and disease},
  author={Simons, Kai and Ehehalt, Robert and others},
  journal={The Journal of clinical investigation},
  volume={110},
  number={5},
  pages={597--603},
  year={2002},
  publisher={Am Soc Clin Investig}
}

@article{humphrey1996vmd,
  title={VMD: visual molecular dynamics},
  author={Humphrey, William and Dalke, Andrew and Schulten, Klaus},
  journal={Journal of molecular graphics},
  volume={14},
  number={1},
  pages={33--38},
  year={1996},
  publisher={Elsevier}
}

@article{hsu2016molecular,
  title={Molecular dynamics simulations predict the pathways via which pristine fullerenes penetrate bacterial membranes},
  author={Hsu, Pin-Chia and Jefferies, Damien and Khalid, Syma},
  journal={The journal of physical chemistry B},
  volume={120},
  number={43},
  pages={11170--11179},
  year={2016},
  publisher={ACS Publications}
}
@article{shearer2019outer,
  title={Outer membrane proteins OmpA, FhuA, OmpF, EstA, BtuB, and OmpX have unique lipopolysaccharide fingerprints},
  author={Shearer, Jonathan and Jefferies, Damien and Khalid, Syma},
  journal={Journal of chemical theory and computation},
  volume={15},
  number={4},
  pages={2608--2619},
  year={2019},
  publisher={ACS Publications}
}
@article{veiga1999ceramides,
  title={Ceramides in phospholipid membranes: effects on bilayer stability and transition to nonlamellar phases},
  author={Veiga, M Pilar and Arrondo, Jose Luis R and Goni, Felix M and Alonso, Alicia},
  journal={Biophysical journal},
  volume={76},
  number={1},
  pages={342--350},
  year={1999},
  publisher={Elsevier}
}
@article{abraham2015gromacs,
  title={GROMACS: High performance molecular simulations through multi-level parallelism from laptops to supercomputers},
  author={Abraham, Mark James and Murtola, Teemu and Schulz, Roland and P{\'a}ll, Szil{\'a}rd and Smith, Jeremy C and Hess, Berk and Lindahl, Erik},
  journal={SoftwareX},
  volume={1},
  pages={19--25},
  year={2015},
  publisher={Elsevier}
}
@article{marrink2007martini,
  title={The MARTINI force field: coarse grained model for biomolecular simulations},
  author={Marrink, Siewert J and Risselada, H Jelger and Yefimov, Serge and Tieleman, D Peter and De Vries, Alex H},
  journal={The journal of physical chemistry B},
  volume={111},
  number={27},
  pages={7812--7824},
  year={2007},
  publisher={ACS Publications}
}
@software{jerome_henin_2020_3877030,
  author       = {Jérôme Hénin and
                  Giacomo Fiorin},
  title        = {{jhenin/qwrap: Fast and accurate wrapping and 
                   unwrapping of MD trajectories}},
  month        = jun,
  year         = 2020,
  publisher    = {Zenodo},
  version      = {v1.4},
  doi          = {10.5281/zenodo.3877030},
  url          = {https://doi.org/10.5281/zenodo.3877030}
}